@article{lürling2003,
	title = {Phenotypic plasticity in the green algae Desmodesmus and Scenedesmus with special reference to the induction of defensive morphology},
	author = {{Lürling}, M.},
	year = {2003},
	month = {06},
	date = {2003-06},
	journal = {Annales de Limnologie - International Journal of Limnology},
	pages = {85--101},
	volume = {39},
	number = {2},
	doi = {10.1051/limn/2003014},
	url = {http://www.limnology-journal.org/10.1051/limn/2003014},
	langid = {en}
}

@article{li2020,
	title = {Assessment of microplastics in freshwater systems: A review},
	author = {Li, Chaoran and Busquets, Rosa and Campos, Luiza C.},
	year = {2020},
	month = {03},
	date = {2020-03-10},
	journal = {Science of The Total Environment},
	pages = {135578},
	volume = {707},
	doi = {10.1016/j.scitotenv.2019.135578},
	url = {https://www.sciencedirect.com/science/article/pii/S0048969719355731}
}

@article{zhang2021,
	title = {Understanding plastic degradation and microplastic formation in the environment: A review},
	author = {Zhang, Kai and Hamidian, Amir Hossein and {Tubi{\'{c}}}, Aleksandra and Zhang, Yu and Fang, James K. H. and Wu, Chenxi and Lam, Paul K. S.},
	year = {2021},
	month = {04},
	date = {2021-04-01},
	journal = {Environmental Pollution},
	pages = {116554},
	volume = {274},
	doi = {10.1016/j.envpol.2021.116554},
	url = {https://www.sciencedirect.com/science/article/pii/S0269749121001329}
}

@article{haque2023,
	title = {Fate and Impacts of Microplastics in the Environment: Hydrosphere, Pedosphere, and Atmosphere},
	author = {Haque, Fatima and Fan, Chihhao},
	year = {2023},
	month = {05},
	date = {2023-05},
	journal = {Environments},
	pages = {70},
	volume = {10},
	number = {5},
	doi = {10.3390/environments10050070},
	url = {https://www.mdpi.com/2076-3298/10/5/70},
	note = {Number: 5
Publisher: Multidisciplinary Digital Publishing Institute},
	langid = {en}
}

@article{vo2021,
	title = {Ecotoxicological effects of microplastics on aquatic organisms: a review},
	author = {Vo, Huu Cong and Pham, Minh Hen},
	year = {2021},
	month = {09},
	date = {2021-09-01},
	journal = {Environmental Science and Pollution Research},
	pages = {44716--44725},
	volume = {28},
	number = {33},
	doi = {10.1007/s11356-021-14982-4},
	url = {https://doi.org/10.1007/s11356-021-14982-4},
	langid = {en}
}

@article{prata2019,
	title = {Effects of microplastics on microalgae populations: A critical review},
	author = {Prata, Joana Correia and da Costa, {João P.} and Lopes, Isabel and Duarte, Armando C. and Rocha-Santos, Teresa},
	year = {2019},
	month = {05},
	date = {2019-05-15},
	journal = {Science of The Total Environment},
	pages = {400--405},
	volume = {665},
	doi = {10.1016/j.scitotenv.2019.02.132},
	url = {https://www.sciencedirect.com/science/article/pii/S0048969719306187}
}

@article{guo2024,
	title = {Meta-analysis for systematic review of global micro/nano-plastics contamination versus various freshwater microalgae: Toxicological effect patterns, taxon-specific response, and potential eco-risks},
	author = {Guo, Zhonghui and Li, Jieming and Zhang, Ziqing},
	year = {2024},
	month = {07},
	date = {2024-07},
	journal = {Water Research},
	pages = {121706},
	volume = {258},
	doi = {10.1016/j.watres.2024.121706},
	url = {https://linkinghub.elsevier.com/retrieve/pii/S0043135424006079},
	langid = {en}
}

@article{long2015,
	title = {Interactions between microplastics and phytoplankton aggregates: Impact on their respective fates},
	author = {Long, Marc and Moriceau, {Brivaëla} and Gallinari, Morgane and Lambert, Christophe and Huvet, Arnaud and Raffray, Jean and Soudant, Philippe},
	year = {2015},
	month = {10},
	date = {2015-10},
	journal = {Marine Chemistry},
	pages = {39--46},
	volume = {175},
	doi = {10.1016/j.marchem.2015.04.003},
	url = {https://linkinghub.elsevier.com/retrieve/pii/S0304420315000766},
	langid = {en}
}

@article{parrella2024,
	title = {Impact of heteroaggregation between microplastics and algae on particle vertical transport},
	author = {Parrella, Francesco and Brizzolara, Stefano and Holzner, Markus and Mitrano, Denise M.},
	year = {2024},
	month = {06},
	date = {2024-06},
	journal = {Nature Water},
	pages = {541--552},
	volume = {2},
	number = {6},
	doi = {10.1038/s44221-024-00248-z},
	url = {https://www.nature.com/articles/s44221-024-00248-z},
	note = {Publisher: Nature Publishing Group},
	langid = {en}
}
